@article{hochreiter1997,
  author  = {Sepp Hochreiter and JÃ¼rgen Schmidhuber},
  journal = {Neural Computation},
  month   = {November},
  number  = {8},
  pages   = {1733--1780},
  title   = {Long Short--Term Memory},
  volume  = {9},
  year    = {1997}
}

@article{zaytar2016,
  author  = {Mohamed Akram Zaytar and Chaker El Amrani},
  journal = {International Journal of Computer Applications},
  month   = {June},
  number  = {11},
  title   = {Sequence to Sequence Weather Forecasting with Long},
  volume  = {143},
  year    = {2016}
}

@misc{quoc2014,
  author      = {Ilya Sutskever and Oriol Vinyals and Quoch V. Le},
  institution = {Google},
  title       = {Sequence to Sequence Learning with Neural Networks},
  year        = {2014}
}

@misc{zhang2004,
  author      = {Yingjiang Zhang},
  institution = {Shadong University},
  title       = {Prediction of Financial Time Series with Hidden Markov Models},
  year        = {2004}
}

@misc{kita2012,
  author      = {Eisuke Kita and Yi Zuo and Masaaki Harada and Takao Mizuno},
  institution = {Nagoya University},
  title       = {Application of Bayesian Network to Stock Price Prediction},
  year        = {2012}
}

@misc{saad1998,
  author      = {Emad W. Saad and Danil V. Prokhorov and Donald C. Wunsch II},
  title       = {Comparative Study of Stock Trend Prediction Using Time Delay, recurrent and Probabilistic Neural Networks},
  year        = {1998}
}

@misc{pascanu2012,
  author      = {Razvan Pascanu and Tomas Mikolov and Yoshia Bengio},
  title       = {On the Difficulty of Training Recurrent Neural Networks},
  year        = {2012}
}

@article{rosenblatt1958,
  author  = {Frank Rosenblatt},
  journal = {Psychological Review},
  number  = {6},
  pages   = {386--408},
  title   = {The Perceptron: A Probabilistic Model for Information Storage and Organization in the Brain},
  volume  = {65},
  year    = {1958}
}