@article{tunnicliffe1989non,
  title={Non-Linear and Non-Stationary Time Series Analysis},
  author={Tunnicliffe-Wilson, G},
  journal={Journal of Time Series Analysis},
  volume={10},
  number={4},
  pages={385--386},
  year={1989},
  publisher={Wiley Online Library}
}

@book{Chan201305,
  title={Algorithmic Trading: Winning Strategies and Their Rationale},
  author={Ernie Chan},
  publisher={Wiley},
  year={2013},
  month={5},
  edition={1},
  isbn={9781118460146},
}

@article{fama1995random,
  title={Random walks in stock market prices},
  author={Fama, Eugene F},
  journal={Financial analysts journal},
  volume={51},
  number={1},
  pages={75--80},
  year={1995},
  publisher={CFA Institute}
}

@book{connors2008,
    title={Short Term Trading Strategies That work},
    author={Larry Connors and Cesar Alvarez},
    year={2008}
}

@book{Goodfellow-et-al-2016,
    title={Deep Learning},
    author={Ian Goodfellow and Yoshua Bengio and Aaron Courville},
    publisher={MIT Press},
    note={http://www.deeplearningbook.org},
    year={2016}
}

@article{sharpe1966,
  title={Mutual fund performance},
  author={Sharpe, William F},
  journal={The Journal of business},
  volume={39},
  number={1},
  pages={119--138},
  year={1966},
  publisher={JSTOR}
}

@article{hinton2014,
  author  = {Geoffrey Hinton and Nitish Srivastava and Alex Krizhevsky and Ilya Sutskever and Ruslan Salakhutdinov},
  journal = {Journal of Machine Learning Research},
  number  = {15},
  pages   = {1929--1958},
  title   = {Dropout: A Simple Way to Prevent Neural Networks from
Overfitting},
  year    = {2014}
}

@article{bermingham2015application,
  title={Application of high-dimensional feature selection: evaluation for genomic prediction in man},
  author={Bermingham, Mairead L and Pong-Wong, Ricardo and Spiliopoulou, Athina and Hayward, Caroline and Rudan, Igor and Campbell, Harry and Wright, Alan F and Wilson, James F and Agakov, Felix and Navarro, Pau and others},
  journal={Scientific reports},
  volume={5},
  year={2015},
  publisher={Nature Publishing Group}
}

@article{hochreiter1997,
  author  = {Sepp Hochreiter and Jürgen Schmidhuber},
  journal = {Neural Computation},
  month   = {November},
  number  = {8},
  pages   = {1733--1780},
  title   = {Long Short--Term Memory},
  volume  = {9},
  year    = {1997}
}

@misc{kaya2016,
  author = {Or\c{c}un Kaya},
  title = {High-frequency Trading---Reaching the limits},
  year = {2016}
}

@misc{vahala2016,
  author = {Ji\v{r}í Vahala},
  title = {Prediction of Financial Markets Using Deep Learning},
  year = {2016}
}

@article{zaytar2016,
  author  = {Mohamed Akram Zaytar and Chaker El Amrani},
  journal = {International Journal of Computer Applications},
  month   = {June},
  number  = {11},
  title   = {Sequence to Sequence Weather Forecasting with Long},
  volume  = {143},
  year    = {2016}
}

@inproceedings{sutskever2014sequence,
  title={Sequence to sequence learning with neural networks},
  author={Sutskever, Ilya and Vinyals, Oriol and Le, Quoc V},
  booktitle={Advances in neural information processing systems},
  pages={3104--3112},
  year={2014}
}

@article{eratosthenes,
  author = {Samuel Horsley},
  title = {The Sieve of Eratosthenes. Being an Account of His Method of Finding All the Prime Numbers, by the Rev. Samuel Horsley, F. R. S.},
  volume = {62},
  number= {1775},
  pages = {327--347},
  journal={Philosophical Transactions},
  year={1772}
}

@misc{zhang2004,
  author      = {Yingjiang Zhang},
  institution = {Shadong University},
  title       = {Prediction of Financial Time Series with Hidden Markov Models},
  year        = {2004}
}

@misc{kita2012,
  author      = {Eisuke Kita and Yi Zuo and Masaaki Harada and Takao Mizuno},
  institution = {Nagoya University},
  title       = {Application of Bayesian Network to Stock Price Prediction},
  year        = {2012}
}

@misc{gabrielsson2015,
  author      = {Patrick Gabrielsson and Ulf Johansson},
  institution = {Department of Information Technology, University of Borås},
  title       = {High-Frequency Equity Index Futures Trading Using Recurrent Reinforcement Learning with Candlesticks},
  year        = {2015}
}

@misc{saad1998,
  author      = {Emad W. Saad and Danil V. Prokhorov and Donald C. Wunsch II},
  title       = {Comparative Study of Stock Trend Prediction Using Time Delay, recurrent and Probabilistic Neural Networks},
  year        = {1998}
}

@misc{pascanu2012,
  author      = {Razvan Pascanu and Tomas Mikolov and Yoshia Bengio},
  title       = {On the Difficulty of Training Recurrent Neural Networks},
  year        = {2012}
}

@article{rosenblatt1958,
  author  = {Frank Rosenblatt},
  journal = {Psychological Review},
  number  = {6},
  pages   = {386--408},
  title   = {The Perceptron: A Probabilistic Model for Information Storage and Organization in the Brain},
  volume  = {65},
  year    = {1958}
}

@article{devakunchari2014,
  author  = {Ramalingam Devakunchari},
  journal = {International Journal of Scientific and Research Publications},
  number  = {1},
  title   = {Analysis on Big Data Over the Years},
  volume  = {4},
  year    = {2014}
}

@misc{tensorflow2015-whitepaper,
title={{TensorFlow}: Large-Scale Machine Learning on Heterogeneous Systems},
url={http://tensorflow.org/},
note={Software available from tensorflow.org},
author={
    Mart\'{\i}n~Abadi and
    Ashish~Agarwal and
    Paul~Barham and
    Eugene~Brevdo and
    Zhifeng~Chen and
    Craig~Citro and
    Greg~S.~Corrado and
    Andy~Davis and
    Jeffrey~Dean and
    Matthieu~Devin and
    Sanjay~Ghemawat and
    Ian~Goodfellow and
    Andrew~Harp and
    Geoffrey~Irving and
    Michael~Isard and
    Yangqing Jia and
    Rafal~Jozefowicz and
    Lukasz~Kaiser and
    Manjunath~Kudlur and
    Josh~Levenberg and
    Dan~Man\'{e} and
    Rajat~Monga and
    Sherry~Moore and
    Derek~Murray and
    Chris~Olah and
    Mike~Schuster and
    Jonathon~Shlens and
    Benoit~Steiner and
    Ilya~Sutskever and
    Kunal~Talwar and
    Paul~Tucker and
    Vincent~Vanhoucke and
    Vijay~Vasudevan and
    Fernanda~Vi\'{e}gas and
    Oriol~Vinyals and
    Pete~Warden and
    Martin~Wattenberg and
    Martin~Wicke and
    Yuan~Yu and
    Xiaoqiang~Zheng},
  year={2015},
}

@article{rumelhart1986,
  author  = {{Rumelhart}, D.~E. and {Hinton}, G.~E. and {Williams}, R.~J.},
  title   = "{Learning representations by back-propagating errors}",
  journal = {Nature},
  year    = 1986,
  month   = oct,
  volume  = 323,
  pages   = {533-536},
  doi     = {10.1038/323533a0},
  adsurl  = {http://adsabs.harvard.edu/abs/1986Natur.323..533R},
  adsnote = {Provided by the SAO/NASA Astrophysics Data System}
}

@misc{chollet2015,
  title={Keras},
  author={Chollet, Fran\c{c}ois},
  year={2015},
  publisher={GitHub},
  howpublished={https://github.com/fchollet/keras},
}

@Book{nison2001,
  author    = {Steve Nison},
  title     = {Japanese Candlestick Charting Techniques},
  publisher = {Prentice Hall Press},
  year      = {2001},
  edition   = {2}
}

@Book{technicalanalysis2010,
  author    = {Charles D. Kirkpatrick and Julie R. Dahlquist},
  title     = {Technical Analysis: The Complete Resource for Financial Market Technicians},
  publisher = {Financial Time Press},
  year      = {2010},
  edition   = {2}
}

@Book{wilder1978,
  author    = {J. Welles Wilder},
  title     = {New Concepts in Technical Trading Systems},
  publisher = {Trend Research},
  year      = {1978},
  edition   = {1st}
}

@article{kingma2014adam,
  title  = {Adam: A method for stochastic optimization},
  author = {Kingma, Diederik and Ba, Jimmy},
  journal= {arXiv preprint arXiv:1412.6980},
  year   = {2014}
}

@article{tieleman2012lecture,
  title={Lecture 6.5-rmsprop: Divide the gradient by a running average of its recent magnitude},
  author={Tieleman, Tijmen and Hinton, Geoffrey},
  journal={COURSERA: Neural networks for machine learning},
  volume={4},
  number={2},
  year={2012}
}
