@article{hochreiter1997,
  author  = {Sepp Hochreiter and JÃ¼rgen Schmidhuber},
  journal = {Neural Computation},
  month   = {November},
  number  = {8},
  pages   = {1733-1780},
  title   = {Long Short--Term Memory},
  volume  = {9},
  year    = {1997}
}

@article{zaytar2016,
  author  = {Mohamed Akram Zaytar and Chaker El Amrani},
  journal = {International Journal of Computer Applications},
  month   = {June},
  number  = {11},
  title   = {Sequence to Sequence Weather Forecasting with Long},
  volume  = {143},
  year    = {2016}
}

@misc{quoc2014,
  author      = {Ilya Sutskever and Oriol Vinyals and Quoch V. Le},
  institution = {Google},
  title       = {Sequence to Sequence Learning with Neural Networks},
  year        = {2014}
}